<?xml version="1.0" encoding="UTF-8"?><collection xmlns="http://www.loc.gov/MARC21/slim"><record><leader>00389nam--2200133-i-4500</leader><controlfield tag="001">000024462</controlfield><controlfield tag="002">20161230</controlfield><controlfield tag="005">20161230201035</controlfield><controlfield tag="008">060222s1000------------r-----000-0-eng-d</controlfield><datafield ind1=" " ind2=" " tag="080"><subfield code="a">621.3:621.38(083.3)</subfield></datafield><datafield ind1=" " ind2=" " tag="100"><subfield code="a">Harper, Charles A</subfield></datafield><datafield ind1=" " ind2=" " tag="245"><subfield code="a">Handbook of wiring, cabling and interconnecting for electronics</subfield></datafield><datafield ind1=" " ind2=" " tag="260"><subfield code="a">New York, Mcgraw-hill Book Company, 1972. X + P.Dif</subfield></datafield><datafield ind1=" " ind2=" " tag="852"><subfield code="a">77416</subfield></datafield></record></collection>